@article{tarjan1972depth,
  title={Depth-first search and linear graph algorithms},
  author={Tarjan, Robert},
  journal={SIAM journal on computing},
  volume={1},
  number={2},
  pages={146--160},
  year={1972},
  publisher={SIAM}
}

@article{ahuja1990faster,
  title={Faster algorithms for the shortest path problem},
  author={Ahuja, Ravindra K and Mehlhorn, Kurt and Orlin, James and Tarjan, Robert E},
  journal={Journal of the ACM (JACM)},
  volume={37},
  number={2},
  pages={213--223},
  year={1990},
  publisher={ACM New York, NY, USA}
}
@article{dreyfus1969appraisal,
  title={An appraisal of some shortest-path algorithms},
  author={Dreyfus, Stuart E},
  journal={Operations research},
  volume={17},
  number={3},
  pages={395--412},
  year={1969},
  publisher={INFORMS}
}

@article{dijkstra1959note,
  title={A note on two problems in connexion with graphs},
  author={Dijkstra, Edsger W and others},
  journal={Numerische mathematik},
  volume={1},
  number={1},
  pages={269--271},
  year={1959}
}

@book{cormen2009introduction,
  title={Introduction to algorithms},
  author={Cormen, Thomas H and Leiserson, Charles E and Rivest, Ronald L and Stein, Clifford},
  year={2009},
  publisher={MIT press},
  pages={540--549},
  section={22.3}
}

@article{russell2004inteligencia,
  title={Intelig{\^e}ncia Artificial, 2a edi{\c{c}}{\~a}o},
  author={Russell, S and Norvig, P},
  journal={Editora Campus, Rio de Janeiro, Brasil},
  year={2004}
}

@inproceedings{tremaux2010ecole,
  title={{\'E}cole polytechnique of Paris (X: 1876)},
  author={Tr{\'e}maux, Charles Pierre},
  booktitle={French engineer of the telegraph in Public conference, December},
  volume={2},
  pages={0980--603},
  year={1876}
}

@article{felner2003kbfs,
  title={KBFS: K-best-first search},
  author={Felner, Ariel and Kraus, Sarit and Korf, Richard E},
  journal={Annals of Mathematics and Artificial Intelligence},
  volume={39},
  number={1-2},
  pages={19--39},
  year={2003},
  publisher={Springer}
}

@article{Maharshi2018ComparativeAO,
  title={Comparative Analysis of Search Algorithms},
  author={J Maharshi and L Ronit and Patel Sonal},
  journal={International Journal of Computer Applications},
  year={2018},
  volume={179},
  pages={40-43}
}
@misc{stuart2003artificial,
  title={Artificial intelligence: a modern approach},
  author={Stuart, Russell and Peter, Norvig and others},
  year={2003},
  publisher={Prentice Hall Upper Saddle River, NJ, USA:}
}
@online{HLweb,
  author = { Andr√© Platzer},
  title = {Class HillClimbing},
  year = 1996,
  url = {http://www.cs.cmu.edu/~aplatzer/orbital/Orbital-doc/api/orbital/algorithm/template/HillClimbing.html},
  urldate = {2009-04-11}
}
@article{little1963algorithm,
  title={An algorithm for the traveling salesman problem},
  author={Little, John DC and Murty, Katta G and Sweeney, Dura W and Karel, Caroline},
  journal={Operations research},
  volume={11},
  number={6},
  pages={972--989},
  year={1963},
  publisher={INFORMS}
}

@article{bellmore1968traveling,
  title={The traveling salesman problem: a survey},
  author={Bellmore, Mandell and Nemhauser, George L},
  journal={Operations Research},
  volume={16},
  number={3},
  pages={538--558},
  year={1968},
  publisher={INFORMS}
}

@article{shwail2013probabilistic,
  title={Probabilistic multi robot path planning in dynamic environments: a comparison between A* and DFS},
  author={Shwail, Safaa H and Karim, Alia and Turner, Scott},
  journal={International Journal of Computer Applications},
  volume={82},
  number={7},
  year={2013},
  publisher={Foundation of Computer Science}
}